/home/john/Documents/References/bibtex-references/library.bib